@InProceedings{joyflick,
  title={フリック入力に基づくゲームパッド向けかな文字入力手法},
  author={横山海青 and 髙倉礼 and 志築文太郎},
  publisher={日本ソフトウェア科学会},
  pages={97-102},
  year={2020},
}

@article{SensoryConflictTheory,
  title={ゲームソフトが人間に与える影響に関する調査報告書},
  journal={財団法人イメージ情報科学研究所},
  year={2003},
  publisher={財団法人イメージ情報科学研究所}
}

@InProceedings{joyflick_eng,
  title={JoyFlick: Japanese Text Entry Using Dual Joysticks for Flick Input Users},
  author={Yokoyama, K.: Takakura, R.: Shizuki, B.:},
  publisher={International Conference on Human-Computer Interaction},
  pages={97-102},
  year={2021},
}


@article{feedback,
  title={虚偽情報フィードバックを用いた生体情報の制御手法},
  author={中村憲史 and 片山拓也 and 寺田努 and 塚本昌彦},
  journal={情報処理学会論文誌},
  volume={54},
  number={4},
  pages={1433-1441},
  year={2013},
  publisher={一般社団法人情報処理学会}
}

@InProceedings{kajiyama15:_shapio,
  author =       {Kajiyama, Hayato and Inoue, Akifumi and Hoshi, Tohru},
  title =        {SHAPIO: Shape I/O Controller for Video Games},
  booktitle = {Proceedings of the 2015 Annual Symposium on Computer-Human Interaction in Play},
  year =      2015,
  series =    {CHI PLAY'15},
  pages =     {565--570},
  publisher = {ACM}}

@InProceedings{翔悟17,
  author =       {{岡崎 翔悟} and {井上 亮文} and {星 徹}},
  title =        {レトロネイザル嗅覚の刺激による摂食物の風味増強システムの開発},
  booktitle = {情報処理学会研究報告},
  year =      2017,
  volume =    {2017-GN-101},
  number =    8,
  pages =     {1--6},
  month =     Mar}

